<?xml version="1.0" encoding="UTF-8"?><collection xmlns="http://www.loc.gov/MARC21/slim"><record><leader>00635nam--2200229-u-4500</leader><controlfield tag="001">000051218</controlfield><controlfield tag="002">20161230</controlfield><controlfield tag="005">20161230201049</controlfield><controlfield tag="008">080602s1000------------r-----000-0-eng-d</controlfield><datafield ind1=" " ind2=" " tag="020"><subfield code="a">0-8218-2960-2</subfield></datafield><datafield ind1=" " ind2=" " tag="040"><subfield code="a">IFIN-HH</subfield></datafield><datafield ind1=" " ind2=" " tag="080"><subfield code="a">513</subfield></datafield><datafield ind1="1" ind2=" " tag="100"><subfield code="a">Zheng, Fangyang</subfield></datafield><datafield ind1="1" ind2="0" tag="245"><subfield code="a">Complex Differential Geometry</subfield><subfield code="c">Fangyang Zheng</subfield></datafield><datafield ind1=" " ind2=" " tag="260"><subfield code="a">Providence</subfield><subfield code="b">American Mathematical Society</subfield><subfield code="c">2000</subfield></datafield><datafield ind1=" " ind2=" " tag="300"><subfield code="a">264 p</subfield></datafield><datafield ind1=" " ind2=" " tag="490"><subfield code="a">AMS/IP Studies in Advanced Mathematics</subfield><subfield code="v">vol. 18</subfield></datafield><datafield ind1=" " ind2="4" tag="650"><subfield code="a">Complex Manifolds</subfield></datafield><datafield ind1="2" ind2=" " tag="650"><subfield code="a">Geometry, Differntial</subfield></datafield><datafield ind1="1" ind2=" " tag="700"><subfield code="a">Fangyang Zheng</subfield></datafield><datafield ind1=" " ind2=" " tag="852"><subfield code="a">81437</subfield><subfield code="c">513</subfield></datafield><datafield ind1=" " ind2=" " tag="CAT"><subfield code="a">Sys</subfield><subfield code="c">20080602</subfield><subfield code="h">114216</subfield></datafield></record></collection>